<?xml version="1.0" encoding="UTF-8"?><record xmlns="http://www.loc.gov/MARC21/slim" xmlns:cinclude="http://apache.org/cocoon/include/1.0" xmlns:zs="http://www.loc.gov/zing/srw/">
  <leader>00414cz  a2200133n  4500</leader>
  <controlfield tag="001">no2002049345</controlfield>
  <controlfield tag="003">DLC</controlfield>
  <controlfield tag="005">20021023085421.0</controlfield>
  <controlfield tag="008">020605n| acannaabn          |n aaa     c</controlfield>
  <datafield tag="010" ind1=" " ind2=" ">
    <subfield code="a">no2002049345</subfield>
    <subfield code="z">no2002093658</subfield>
  </datafield>
  <datafield tag="035" ind1=" " ind2=" ">
    <subfield code="a">(OCoLC)oca05779655</subfield>
  </datafield>
  <datafield tag="040" ind1=" " ind2=" ">
    <subfield code="a">MnManS</subfield>
    <subfield code="b">eng</subfield>
    <subfield code="c">MnManS</subfield>
    <subfield code="d">DLC</subfield>
  </datafield>
  <datafield tag="100" ind1="1" ind2=" ">
    <subfield code="a">Terwedo, Randal J.</subfield>
  </datafield>
  <datafield tag="670" ind1=" " ind2=" ">
    <subfield code="a">An organizational analysis of a methadone maintenance program, 1992:</subfield>
    <subfield code="b">t.p. (Randal J. Terwedo)</subfield>
  </datafield>
</record>